@MISC {144417,
    TITLE = {Invariance of action $\Rightarrow$ covariance of field equations?},
    AUTHOR = {Qmechanic (https://physics.stackexchange.com/users/2451/qmechanic)},
    HOWPUBLISHED = {Physics Stack Exchange},
    NOTE = {URL:https://physics.stackexchange.com/q/144417 (version: 2022-02-23)},
    EPRINT = {https://physics.stackexchange.com/q/144417},
    URL = {https://physics.stackexchange.com/q/144417}
}
